<?xml version="1.0" encoding="UTF-8"?><record xmlns="http://www.loc.gov/MARC21/slim" xmlns:cinclude="http://apache.org/cocoon/include/1.0" xmlns:zs="http://www.loc.gov/zing/srw/">
  <leader>00727cz  a2200181n  4500</leader>
  <controlfield tag="001">nr 94033139 </controlfield>
  <controlfield tag="003">DLC</controlfield>
  <controlfield tag="005">20020411053342.0</controlfield>
  <controlfield tag="008">941005n| acannaabn          |a aaa     c</controlfield>
  <datafield tag="010" ind1=" " ind2=" ">
    <subfield code="a">nr 94033139 </subfield>
  </datafield>
  <datafield tag="035" ind1=" " ind2=" ">
    <subfield code="a">(OCoLC)oca03694827</subfield>
  </datafield>
  <datafield tag="040" ind1=" " ind2=" ">
    <subfield code="a">NNC</subfield>
    <subfield code="b">eng</subfield>
    <subfield code="c">NNC</subfield>
    <subfield code="d">PPiU</subfield>
    <subfield code="d">OCoLC</subfield>
  </datafield>
  <datafield tag="053" ind1=" " ind2="0">
    <subfield code="a">PQ9698.16.E718</subfield>
  </datafield>
  <datafield tag="100" ind1="1" ind2=" ">
    <subfield code="a">Ferreira, Cai휍혖que,</subfield>
    <subfield code="d">1954-1994</subfield>
  </datafield>
  <datafield tag="400" ind1="1" ind2=" ">
    <subfield code="a">Ferreira da Costa, Carlos Henrique,</subfield>
    <subfield code="d">1954-1994</subfield>
  </datafield>
  <datafield tag="400" ind1="1" ind2=" ">
    <subfield code="a">Costa, Carlos Henrique Ferreira da,</subfield>
    <subfield code="d">1954-1994</subfield>
  </datafield>
  <datafield tag="400" ind1="1" ind2=" ">
    <subfield code="a">Da Costa, Carlos Henrique Ferreira,</subfield>
    <subfield code="d">1954-1994</subfield>
  </datafield>
  <datafield tag="670" ind1=" " ind2=" ">
    <subfield code="a">Vinho da noite, 1994:</subfield>
    <subfield code="b">t.p. (Cai휍혖que Ferreira) flap of back cover (Carlos Henrique Ferreira da Costa, b. 9/5/1954 Rio de Janeiro, d. 1/12/1994; actor, art historian; artist and novelist)</subfield>
  </datafield>
</record>